%% This BibTeX bibliography file was created using BibDesk.
%% http://bibdesk.sourceforge.net/


%% Created for Stein, Andrew at 2017-01-12 11:16:03 -0500 


%% Saved with string encoding Unicode (UTF-8) 



@article{caoili12,
	Author = {Caoili, Salvador Eugenio C},
	Date-Added = {2017-01-12 16:16:01 +0000},
	Date-Modified = {2017-01-12 16:16:03 +0000},
	Journal = {Advances in bioinformatics},
	Publisher = {Hindawi Publishing Corporation},
	Title = {On the meaning of affinity limits in B-cell epitope prediction for antipeptide antibody-mediated immunity},
	Volume = {2012},
	Year = {2012}}

@article{grimwood09,
	Author = {Grimwood, Sarah and Hartig, Paul R},
	Date-Added = {2017-01-06 16:41:59 +0000},
	Date-Modified = {2017-01-06 16:42:00 +0000},
	Journal = {Pharmacology \& therapeutics},
	Number = {3},
	Pages = {281--301},
	Publisher = {Elsevier},
	Title = {Target site occupancy: emerging generalizations from clinical and preclinical studies},
	Volume = {122},
	Year = {2009}}

@article{lobo04,
	Author = {Lobo, Evelyn D and Hansen, Ryan J and Balthasar, Joseph P},
	Date-Added = {2016-12-25 13:46:50 +0000},
	Date-Modified = {2016-12-25 13:46:51 +0000},
	Journal = {Journal of pharmaceutical sciences},
	Number = {11},
	Pages = {2645--2668},
	Publisher = {Wiley Online Library},
	Title = {Antibody pharmacokinetics and pharmacodynamics},
	Volume = {93},
	Year = {2004}}

@article{koch17,
	Author = {Koch, Gilbert and others},
	Date-Added = {2016-12-25 13:36:22 +0000},
	Date-Modified = {2016-12-25 13:36:51 +0000},
	Journal = {Journal of Pharmacokinetics and Pharmacodynamics},
	Title = {Target mediated drug disposition with drug-drug interaction, Part II: competitive and uncompetitive cases},
	Year = {2017?}}

@book{boeynaems80,
	Author = {Boeynaems, Jean-Marie and Dumont, Jacques E and others},
	Date-Added = {2016-12-25 12:54:03 +0000},
	Date-Modified = {2016-12-25 12:54:04 +0000},
	Publisher = {Elsevier/North-Holland Biomedical Press},
	Title = {Outlines of receptor theory},
	Year = {1980}}

@book{kenakin09,
	Author = {Kenakin, Terry},
	Date-Added = {2016-12-25 12:29:05 +0000},
	Date-Modified = {2016-12-25 12:29:06 +0000},
	Publisher = {Academic Press},
	Title = {A pharmacology primer: theory, application and methods},
	Year = {2009}}

@article{motulsky84,
	Author = {Motulsky, Harvey J and Mahan, LC},
	Date-Added = {2016-12-25 05:17:00 +0000},
	Date-Modified = {2016-12-25 05:17:01 +0000},
	Journal = {Molecular pharmacology},
	Number = {1},
	Pages = {1--9},
	Publisher = {ASPET},
	Title = {The kinetics of competitive radioligand binding predicted by the law of mass action.},
	Volume = {25},
	Year = {1984}}

@article{chen16,
	Author = {Chen, Xi and Jiang, Xiling and Jusko, William J and Zhou, Honghui and Wang, Weirong},
	Date-Added = {2016-12-25 01:11:22 +0000},
	Date-Modified = {2016-12-25 01:11:24 +0000},
	Journal = {Journal of pharmacokinetics and pharmacodynamics},
	Number = {3},
	Pages = {291--304},
	Publisher = {Springer},
	Title = {Minimal physiologically-based pharmacokinetic (mPBPK) model for a monoclonal antibody against interleukin-6 in mice with collagen-induced arthritis},
	Volume = {43},
	Year = {2016}}

@article{gill16,
	Author = {Gill, Katherine L and Gardner, Iain and Li, Linzhong and Jamei, Masoud},
	Date-Added = {2016-12-24 23:10:41 +0000},
	Date-Modified = {2016-12-24 23:10:42 +0000},
	Journal = {The AAPS Journal},
	Number = {1},
	Pages = {156--170},
	Publisher = {Springer},
	Title = {A bottom-up whole-body physiologically based pharmacokinetic model to mechanistically predict tissue distribution and the rate of subcutaneous absorption of therapeutic proteins},
	Volume = {18},
	Year = {2016}}

@article{cao14linear,
	Author = {Cao, Yanguang and Jusko, William J},
	Date-Added = {2016-12-24 23:00:26 +0000},
	Date-Modified = {2016-12-24 23:00:26 +0000},
	Journal = {Journal of pharmacokinetics and pharmacodynamics},
	Number = {4},
	Pages = {375--387},
	Publisher = {Springer},
	Title = {Incorporating target-mediated drug disposition in a minimal physiologically-based pharmacokinetic model for monoclonal antibodies},
	Volume = {41},
	Year = {2014}}

@article{brambell64,
	Author = {Brambell, FW and Hemmings, WA and Morris, IG},
	Date-Added = {2016-12-24 23:00:14 +0000},
	Date-Modified = {2016-12-25 12:54:21 +0000},
	Journal = {Nature},
	Pages = {1352},
	Title = {A Theoretical Model of Gamma-Globulin Catabolism},
	Volume = {203},
	Year = {1964}}

@article{jones13,
	Author = {Jones, Hannah M and Mayawala, Kapil and Poulin, Patrick},
	Date-Added = {2016-12-24 22:59:33 +0000},
	Date-Modified = {2016-12-24 22:59:33 +0000},
	Journal = {The AAPS journal},
	Number = {2},
	Pages = {377--387},
	Publisher = {Springer},
	Title = {Dose selection based on physiologically based pharmacokinetic (PBPK) approaches},
	Volume = {15},
	Year = {2013}}

@article{pilari10,
	Author = {Pilari, Sabine and Huisinga, Wilhelm},
	Date-Added = {2016-12-24 22:59:33 +0000},
	Date-Modified = {2016-12-24 22:59:33 +0000},
	Journal = {Journal of pharmacokinetics and pharmacodynamics},
	Number = {4},
	Pages = {365--405},
	Publisher = {Springer},
	Title = {Lumping of physiologically-based pharmacokinetic models and a mechanistic derivation of classical compartmental models},
	Volume = {37},
	Year = {2010}}

@inproceedings{shah13,
	Author = {Shah, Dhaval K and Betts, Alison M},
	Booktitle = {MAbs},
	Date-Added = {2016-12-24 22:59:33 +0000},
	Date-Modified = {2016-12-24 22:59:33 +0000},
	Number = {2},
	Organization = {Taylor \& Francis},
	Pages = {297--305},
	Title = {Antibody biodistribution coefficients: inferring tissue concentrations of monoclonal antibodies based on the plasma concentrations in several preclinical species and human},
	Volume = {5},
	Year = {2013}}

@article{thygesen09,
	Author = {Thygesen, Peter and Macheras, Panos and Van Peer, Achiel},
	Date-Added = {2016-12-24 22:58:12 +0000},
	Date-Modified = {2016-12-24 22:58:12 +0000},
	Journal = {Pharmaceutical research},
	Number = {12},
	Pages = {2543--2550},
	Publisher = {Springer},
	Title = {Physiologically-based PK/PD modelling of therapeutic macromolecules},
	Volume = {26},
	Year = {2009}}

@article{li16,
	Author = {Li, Zhe and Krippendorff, Ben-Fillippo and Sharma, Sharad and Walz, Antje C and Lav{\'e}, Thierry and Shah, Dhaval K},
	Date-Added = {2016-12-24 22:55:59 +0000},
	Date-Modified = {2016-12-24 22:56:14 +0000},
	Journal = {MAbs},
	Number = {1},
	Organization = {Taylor \& Francis},
	Pages = {113--119},
	Title = {Influence of molecular size on tissue distribution of antibody fragments},
	Volume = {8},
	Year = {2016}}

@article{gibiansky09review,
	Author = {Gibiansky, Leonid and Gibiansky, Ekaterina},
	Date-Added = {2016-12-24 20:09:48 +0000},
	Date-Modified = {2016-12-24 20:09:56 +0000},
	Journal = {Expert opinion on drug metabolism \& toxicology},
	Number = {7},
	Pages = {803--812},
	Publisher = {Taylor \& Francis},
	Title = {Target-mediated drug disposition model: approximations, identifiability of model parameters and applications to the population pharmacokinetic--pharmacodynamic modeling of biologics},
	Volume = {5},
	Year = {2009}}

@article{tiwari16,
	Author = {Tiwari, A and Luo, H and Chen, X and Singh, P and Bhattacharya, I and Jasper, P and Tolsma, JE and Jones, HM and Zutshi, A and Abraham, AK},
	Date-Added = {2016-11-16 21:39:55 +0000},
	Date-Modified = {2016-11-16 21:39:55 +0000},
	Journal = {CPT: Pharmacometrics \& Systems Pharmacology},
	Number = {10},
	Pages = {565--574},
	Publisher = {Wiley Online Library},
	Title = {Assessing the Impact of Tissue Target Concentration Data on Uncertainty in In Vivo Target Coverage Predictions},
	Volume = {5},
	Year = {2016}}

@article{dosne16sir,
	Author = {Dosne, Anne-Ga{\"e}lle and Bergstrand, Martin and Harling, Kajsa and Karlsson, Mats O},
	Date-Added = {2016-11-10 22:17:36 +0000},
	Date-Modified = {2016-11-10 22:17:36 +0000},
	Journal = {Journal of Pharmacokinetics and Pharmacodynamics},
	Pages = {1--14},
	Publisher = {Springer},
	Title = {Improving the estimation of parameter uncertainty distributions in nonlinear mixed effects models using sampling importance resampling},
	Year = {2016}}

@article{dosne2016dofv,
	Author = {Dosne, Anne-Ga{\"e}lle and Niebecker, Ronald and Karlsson, Mats O},
	Date-Added = {2016-11-10 22:17:36 +0000},
	Date-Modified = {2016-11-10 22:17:36 +0000},
	Journal = {Journal of Pharmacokinetics and Pharmacodynamics},
	Pages = {1--12},
	Publisher = {Springer},
	Title = {dOFV distributions: a new diagnostic for the adequacy of parameter uncertainty in nonlinear mixed-effects models applied to the bootstrap},
	Year = {2016}}

@book{rowland11,
	Author = {Rowland, Malcolm and Tozer, Thomas},
	Date-Added = {2016-10-27 00:31:24 +0000},
	Date-Modified = {2016-10-27 00:32:32 +0000},
	Publisher = {Wolters Kluwer},
	Title = {Clinical Pharmacokinetics and Pharmacodynamics},
	Year = {2011}}

@article{raue09,
	Author = {Raue, Andreas and Kreutz, Clemens and Maiwald, Thomas and Bachmann, Julie and Schilling, Marcel and Klingm{\"u}ller, Ursula and Timmer, Jens},
	Date-Added = {2016-09-13 17:16:13 +0000},
	Date-Modified = {2016-09-13 17:16:13 +0000},
	Journal = {Bioinformatics},
	Number = {15},
	Pages = {1923--1929},
	Publisher = {Oxford Univ Press},
	Title = {Structural and practical identifiability analysis of partially observed dynamical models by exploiting the profile likelihood},
	Volume = {25},
	Year = {2009}}

@article{stein16,
	Author = {Stein, Andrew M and Ramakrishna, Ramprasad},
	Date-Added = {2016-09-03 12:42:14 +0000},
	Date-Modified = {2016-09-03 12:42:14 +0000},
	Journal = {In submission},
	Title = {AFIR: A dimensionless potency metric for characterizing the activity of monoclonoal antibodies},
	Year = {2016}}

@article{wu16,
	Author = {Wu, Xiaotian and Nekka, Fahima and Li, Jun},
	Date-Added = {2016-08-27 01:46:37 +0000},
	Date-Modified = {2016-08-27 01:46:37 +0000},
	Journal = {Journal of pharmacokinetics and pharmacodynamics},
	Number = {4},
	Pages = {447--459},
	Publisher = {Springer},
	Title = {Steady-state volume of distribution of two-compartment models with simultaneous linear and saturated elimination},
	Volume = {43},
	Year = {2016}}

@article{eudy15,
	Author = {Eudy, Rena J and Riggs, Matthew M and Gastonguay, Marc R},
	Date-Added = {2016-08-26 10:52:31 +0000},
	Date-Modified = {2016-08-26 10:52:33 +0000},
	Journal = {The AAPS journal},
	Number = {5},
	Pages = {1280--1284},
	Publisher = {Springer},
	Title = {A Priori Identifiability of Target-Mediated Drug Disposition Models and Approximations},
	Volume = {17},
	Year = {2015}}

@article{langley14,
	Author = {Langley, Richard G and Elewski, Boni E and Lebwohl, Mark and Reich, Kristian and Griffiths, Christopher EM and Papp, Kim and Puig, Llu{\'\i}s and Nakagawa, Hidemi and Spelman, Lynda and Sigurgeirsson, B{\'a}r{\dh}ur and others},
	Date-Added = {2016-06-03 04:12:30 +0000},
	Date-Modified = {2016-06-03 04:12:31 +0000},
	Journal = {New England Journal of Medicine},
	Number = {4},
	Pages = {326--338},
	Publisher = {Mass Medical Soc},
	Title = {Secukinumab in plaque psoriasis---results of two phase 3 trials},
	Volume = {371},
	Year = {2014}}

@article{chu12,
	Author = {Chu, Seung Y and Horton, Holly M and Pong, Erik and Leung, Irene WL and Chen, Hsing and Nguyen, Duc-Hanh and Bautista, Cristina and Muchhal, Umesh S and Bernett, Matthew J and Moore, Gregory L and others},
	Date-Added = {2016-06-01 19:52:38 +0000},
	Date-Modified = {2016-06-01 19:52:39 +0000},
	Journal = {Journal of Allergy and Clinical Immunology},
	Number = {4},
	Pages = {1102--1115},
	Publisher = {Elsevier},
	Title = {Reduction of total IgE by targeted coengagement of IgE B-cell receptor and Fc$\gamma$RIIb with Fc-engineered antibody},
	Volume = {129},
	Year = {2012}}

@inproceedings{dudal15,
	Author = {Dudal, S and Subramanian, K and Flandre, T and Law, WS and Lowe, PJ and Skerjanec, A and Genin, JC and Duval, M and Piequet, A and Cordier, A and others},
	Booktitle = {mAbs},
	Date-Added = {2016-05-19 18:45:50 +0000},
	Date-Modified = {2016-05-19 18:45:52 +0000},
	Number = {5},
	Organization = {Taylor \& Francis},
	Pages = {829--837},
	Title = {Integrated pharmacokinetic, pharmacodynamic and immunogenicity profiling of an anti-CCL21 monoclonal antibody in cynomolgus monkeys},
	Volume = {7},
	Year = {2015}}

@article{lowe16,
	Author = {Lowe, Philip J and K{\"u}mmel, Anne and Vasalou, Christina and Matsushima, Soichiro and Skerjanec, Andrej},
	Date-Added = {2016-05-19 17:37:37 +0000},
	Date-Modified = {2016-05-19 17:37:38 +0000},
	Journal = {Pharmaceutical Sciences Encyclopedia},
	Publisher = {Wiley Online Library},
	Title = {Integrated Quantitation of Biotherapeutic Drug--Target Binding, Biomarkers, and Clinical Response to Support Rational Dose Regimen Selection},
	Year = {2016}}

@article{zheng14,
	Author = {Zheng, S and Gaitonde, P and Andrew, MA and Gibbs, MA and Lesko, LJ and Schmidt, S},
	Date-Added = {2016-05-17 13:06:17 +0000},
	Date-Modified = {2016-05-17 13:06:19 +0000},
	Journal = {CPT: pharmacometrics \& systems pharmacology},
	Number = {10},
	Pages = {1--10},
	Publisher = {Wiley Online Library},
	Title = {Model-Based Assessment of Dosing Strategies in Children for Monoclonal Antibodies Exhibiting Target-Mediated Drug Disposition},
	Volume = {3},
	Year = {2014}}

@article{peletier05,
	Author = {Peletier, Lambertus A and Gabrielsson, Johan and Den Haag, Jacintha},
	Date-Added = {2016-05-02 18:22:38 +0000},
	Date-Modified = {2016-05-02 18:23:15 +0000},
	Journal = {Journal of pharmacokinetics and pharmacodynamics},
	Number = {3-4},
	Pages = {607--654},
	Publisher = {Springer},
	Title = {A dynamical systems analysis of the indirect response model with special emphasis on time to peak response},
	Volume = {32},
	Year = {2005}}

@article{bauer99,
	Author = {Bauer, Robert J and Dedrick, Russell L and White, Mark L and Murray, Michael J and Garovoy, Marvin R},
	Date-Added = {2016-03-03 18:24:03 +0000},
	Date-Modified = {2016-03-03 18:24:04 +0000},
	Journal = {Journal of pharmacokinetics and biopharmaceutics},
	Number = {4},
	Pages = {397--420},
	Publisher = {Springer},
	Title = {Population pharmacokinetics and pharmacodynamics of the anti-CD11a antibody hu1124 in human subjects with psoriasis},
	Volume = {27},
	Year = {1999}}

@article{padhi11,
	Author = {Padhi, Desmond and Jang, Graham and Stouch, Brian and Fang, Liang and Posvar, Edward},
	Date-Added = {2016-03-03 18:22:12 +0000},
	Date-Modified = {2016-03-03 18:22:28 +0000},
	Journal = {Journal of Bone and Mineral Research},
	Number = {1},
	Pages = {19--26},
	Publisher = {Wiley Online Library},
	Title = {Single-dose, placebo-controlled, randomized study of AMG 785, a sclerostin monoclonal antibody},
	Volume = {26},
	Year = {2011}}

@article{burmester11,
	Author = {Burmester, Gerd R and Feist, Eugen and Sleeman, Matthew A and Wang, Bing and White, Barbara and Magrini, Fabio},
	Date-Added = {2016-03-03 18:21:42 +0000},
	Date-Modified = {2016-03-03 18:22:38 +0000},
	Journal = {Annals of the rheumatic diseases},
	Number = {9},
	Pages = {1542--1549},
	Publisher = {BMJ Publishing Group Ltd and European League Against Rheumatism},
	Title = {Mavrilimumab, a human monoclonal antibody targeting GM-CSF receptor-$\alpha$, in subjects with rheumatoid arthritis: a randomised, double-blind, placebo-controlled, phase I, first-in-human study},
	Volume = {70},
	Year = {2011}}

@article{vanbueren06,
	Author = {van Bueren, Jeroen J Lammerts and Bleeker, Wim K and B{\o}gh, Henrik O and Houtkamp, Mischa and Schuurman, Janine and van de Winkel, Jan GJ and Parren, Paul WHI},
	Date-Added = {2016-02-20 17:44:47 +0000},
	Date-Modified = {2016-02-20 17:45:06 +0000},
	Journal = {Cancer research},
	Number = {15},
	Pages = {7630--7638},
	Publisher = {AACR},
	Title = {Effect of target dynamics on pharmacokinetics of a novel therapeutic antibody against the epidermal growth factor receptor: implications for the mechanisms of action},
	Volume = {66},
	Year = {2006}}

@article{charles99,
	Author = {Charles, Peter and Elliott, Michael J and Davis, Diana and Potter, Alison and Kalden, Joachim R and Antoni, Christian and Breedveld, Ferdinand C and Smolen, Josef S and Eberl, Gabriele and Feldmann, Marc and others},
	Date-Added = {2016-02-20 17:43:30 +0000},
	Date-Modified = {2016-06-01 19:52:41 +0000},
	Journal = {The Journal of Immunology},
	Number = {3},
	Pages = {1521--1528},
	Publisher = {Am Assoc Immnol},
	Title = {Regulation of cytokines, cytokine inhibitors, and acute-phase proteins following anti-TNF-$\alpha$ therapy in rheumatoid arthritis},
	Volume = {163},
	Year = {1999}}

@article{staack12,
	Author = {Staack, Roland F and Jordan, Gregor and Heinrich, Julia},
	Date-Added = {2016-02-12 18:35:52 +0000},
	Date-Modified = {2016-02-12 18:40:16 +0000},
	Journal = {Bioanalysis},
	Number = {4},
	Pages = {381--395},
	Publisher = {Future Science},
	Title = {Mathematical simulations for bioanalytical assay development: the (un-) necessity and (im-) possibility of free drug quantification},
	Volume = {4},
	Year = {2012}}

@article{penney14,
	Author = {Penney, Mark and Agoram, Balaji},
	Date-Added = {2016-02-10 15:56:36 +0000},
	Date-Modified = {2016-02-10 15:56:45 +0000},
	Journal = {British journal of clinical pharmacology},
	Number = {5},
	Pages = {740--745},
	Publisher = {Wiley Online Library},
	Title = {At the bench: the key role of PK--PD modelling in enabling the early discovery of biologic therapies},
	Volume = {77},
	Year = {2014}}

@article{talbot15,
	Author = {Talbot, Jeffrey J and Calamba, Dominador and Pai, Melody and Ma, Mark and Thway, Theingi M},
	Date-Added = {2016-02-10 15:23:46 +0000},
	Date-Modified = {2016-02-10 15:23:52 +0000},
	Journal = {The AAPS journal},
	Number = {6},
	Pages = {1446--1454},
	Publisher = {Springer},
	Title = {Measurement of Free Versus Total Therapeutic Monoclonal Antibody in Pharmacokinetic Assessment is Modulated by Affinity, Incubation Time, and Bioanalytical Platform},
	Volume = {17},
	Year = {2015}}

@article{kuang10,
	Author = {Kuang, Bing and King, Lindsay and Wang, Huifen Faye},
	Date-Added = {2016-02-10 14:44:29 +0000},
	Date-Modified = {2016-02-10 14:44:36 +0000},
	Journal = {Bioanalysis},
	Number = {6},
	Pages = {1125--1140},
	Publisher = {Future Science},
	Title = {Therapeutic monoclonal antibody concentration monitoring: free or total?},
	Volume = {2},
	Year = {2010}}

@article{hayashi07,
	Author = {Hayashi, Naoto and Tsukamoto, Yuko and Sallas, William M and Lowe, Philip J},
	Date-Added = {2016-02-05 20:24:37 +0000},
	Date-Modified = {2016-02-05 20:24:42 +0000},
	Journal = {British journal of clinical pharmacology},
	Number = {5},
	Pages = {548--561},
	Publisher = {Wiley Online Library},
	Title = {A mechanism-based binding model for the population pharmacokinetics and pharmacodynamics of omalizumab},
	Volume = {63},
	Year = {2007}}

@article{yu11,
	Author = {Yu, Jing and Karcher, Helene and Feire, Adam L and Lowe, Philip J},
	Date-Added = {2016-02-01 16:17:08 +0000},
	Date-Modified = {2016-02-01 16:17:17 +0000},
	Journal = {The AAPS journal},
	Number = {2},
	Pages = {169--178},
	Publisher = {Springer},
	Title = {From target selection to the minimum acceptable biological effect level for human study: use of mechanism-based PK/PD modeling to design safe and efficacious biologics},
	Volume = {13},
	Year = {2011}}

@article{grimm09,
	Author = {Grimm, Hans Peter},
	Date-Added = {2016-02-01 16:14:05 +0000},
	Date-Modified = {2016-02-01 16:14:10 +0000},
	Journal = {Journal of pharmacokinetics and pharmacodynamics},
	Number = {5},
	Pages = {407--420},
	Publisher = {Springer},
	Title = {Gaining insights into the consequences of target-mediated drug disposition of monoclonal antibodies using quasi-steady-state approximations},
	Volume = {36},
	Year = {2009}}

@article{marathe09,
	Author = {Marathe, Anshu and Krzyzanski, Wojciech and Mager, Donald E},
	Date-Added = {2016-02-01 16:13:26 +0000},
	Date-Modified = {2016-02-01 16:13:31 +0000},
	Journal = {Journal of pharmacokinetics and pharmacodynamics},
	Number = {3},
	Pages = {199--219},
	Publisher = {Springer},
	Title = {Numerical validation and properties of a rapid binding approximation of a target-mediated drug disposition pharmacokinetic model},
	Volume = {36},
	Year = {2009}}

@article{agoram09,
	Author = {Agoram, Balaji M},
	Date-Added = {2016-02-01 15:49:51 +0000},
	Date-Modified = {2016-02-01 15:49:57 +0000},
	Journal = {British journal of clinical pharmacology},
	Number = {2},
	Pages = {153--160},
	Publisher = {Wiley Online Library},
	Title = {Use of pharmacokinetic/pharmacodynamic modelling for starting dose selection in first-in-human trials of high-risk biologics},
	Volume = {67},
	Year = {2009}}

@article{lowe10applying,
	Author = {Lowe, PJ},
	Date-Added = {2016-02-01 15:48:11 +0000},
	Date-Modified = {2016-02-01 15:48:47 +0000},
	Journal = {Clinical Pharmacology \& Therapeutics},
	Number = {4},
	Pages = {492--496},
	Publisher = {Wiley Online Library},
	Title = {Applying physiological and biochemical concepts to optimize biological drug development},
	Volume = {87},
	Year = {2010}}

@article{ma12,
	Author = {Ma, Peiming},
	Date-Added = {2016-01-19 12:26:44 +0000},
	Date-Modified = {2016-01-19 12:26:55 +0000},
	Journal = {Pharmaceutical research},
	Number = {3},
	Pages = {866--882},
	Publisher = {Springer},
	Title = {Theoretical considerations of target-mediated drug disposition models: simplifications and approximations},
	Volume = {29},
	Year = {2012}}

@inproceedings{ecker15,
	Author = {Ecker, Dawn M and Jones, Susan Dana and Levine, Howard L},
	Booktitle = {MAbs},
	Date-Added = {2016-01-15 14:30:40 +0000},
	Date-Modified = {2016-01-15 14:56:42 +0000},
	Organization = {Taylor \& Francis},
	Pages = {9--14},
	Title = {The therapeutic monoclonal antibody market},
	Volume = {7},
	Year = {2015}}

@article{stepensky12,
	Author = {Stepensky, David},
	Date-Added = {2016-01-14 21:55:50 +0000},
	Date-Modified = {2016-01-14 21:55:56 +0000},
	Journal = {Clinical pharmacokinetics},
	Number = {7},
	Pages = {443--455},
	Publisher = {Springer},
	Title = {Local versus Systemic Anti-Tumour Necrosis Factor-$\alpha$ Effects of Adalimumab in Rheumatoid Arthritis},
	Volume = {51},
	Year = {2012}}

@article{yan12twodrugs,
	Author = {Yan, Xiaoyu and Chen, Yang and Krzyzanski, Wojciech},
	Date-Added = {2016-01-11 15:28:25 +0000},
	Date-Modified = {2016-01-11 15:28:34 +0000},
	Journal = {Journal of pharmacokinetics and pharmacodynamics},
	Number = {5},
	Pages = {543--560},
	Publisher = {Springer},
	Title = {Methods of solving rapid binding target-mediated drug disposition model for two drugs competing for the same receptor},
	Volume = {39},
	Year = {2012}}

@article{derks14,
	Author = {Derks, Gianne and Aston, Philip J and Agoram, Balaji M and Van der Graaf, Piet H},
	Date-Added = {2016-01-11 15:25:15 +0000},
	Date-Modified = {2016-01-11 15:26:10 +0000},
	Journal = {7th Noordwijkerhout Symposium on Pharmacokinetics, Pharmacodynamics and Systems Pharmacology},
	Title = {Predicting rebound for mAbs using the TMDD model},
	Year = {2014}}

@article{gibiansky12toci,
	Author = {Gibiansky, Leonid and Frey, Nicolas},
	Date-Added = {2016-01-11 15:22:33 +0000},
	Date-Modified = {2016-01-11 15:22:43 +0000},
	Journal = {Journal of pharmacokinetics and pharmacodynamics},
	Number = {1},
	Pages = {5--16},
	Publisher = {Springer},
	Title = {Linking interleukin-6 receptor blockade with tocilizumab and its hematological effects using a modeling approach},
	Volume = {39},
	Year = {2012}}

@article{vasalou15,
	Author = {Vasalou, Christina and Helmlinger, Gabriel and Gomes, Bruce},
	Date-Added = {2016-01-11 15:20:28 +0000},
	Date-Modified = {2016-01-11 15:20:34 +0000},
	Journal = {PloS one},
	Number = {3},
	Pages = {e0118977},
	Publisher = {Public Library of Science},
	Title = {A Mechanistic Tumor Penetration Model to Guide Antibody Drug Conjugate Design},
	Volume = {10},
	Year = {2015}}

@article{gibiansky10multi,
	Author = {Gibiansky, Leonid and Gibiansky, Ekaterina},
	Date-Added = {2016-01-11 15:18:44 +0000},
	Date-Modified = {2016-01-11 15:18:51 +0000},
	Journal = {Journal of pharmacokinetics and pharmacodynamics},
	Number = {4},
	Pages = {323--346},
	Publisher = {Springer},
	Title = {Target-mediated drug disposition model for drugs that bind to more than one target},
	Volume = {37},
	Year = {2010}}

@article{krzyzanski10,
	Author = {Krzyzanski, Wojciech and Wiczling, Pawel and Lowe, Phil and Pigeolet, Etienne and Fink, Martin and Berghout, Alexander and Balser, Sigrid},
	Date-Added = {2016-01-11 15:14:23 +0000},
	Date-Modified = {2016-01-11 15:14:31 +0000},
	Journal = {The Journal of Clinical Pharmacology},
	Number = {S9},
	Pages = {101S--112S},
	Publisher = {Wiley Online Library},
	Title = {Population Modeling of Filgrastim PK-PD in Healthy Adults Following Intravenous and Subcutaneous Administrations},
	Volume = {50},
	Year = {2010}}

@article{mayer15,
	Author = {Mayer, Christina L and Xie, Lanyi and Bandekar, Rajesh and Qi, Ming and van de Velde, Helgi and Reddy, Manjula and Qin, Xiang and Davis, Hugh M and Puchalski, Thomas A},
	Date-Added = {2016-01-10 13:52:56 +0000},
	Date-Modified = {2016-01-10 13:53:01 +0000},
	Journal = {Cancer chemotherapy and pharmacology},
	Number = {5},
	Pages = {1037--1045},
	Publisher = {Springer},
	Title = {Dose selection of siltuximab for multicentric Castleman's disease},
	Volume = {75},
	Year = {2015}}

@article{gibiansky10ib,
	Author = {Gibiansky, L and Gibiansky, E},
	Date-Added = {2016-01-06 18:32:58 +0000},
	Date-Modified = {2016-01-11 15:19:09 +0000},
	Journal = {Population Approach Group in Europe},
	Pages = {19, Abstract 1728},
	Title = {Target-mediated drug disposition: new derivation of the michaelis-menten model, and why it is often sufficient for description of drugs with TMDD. Population Approach Group in Europe. p 19, Abstr 1728},
	Year = {2010}}

@article{stone86,
	Author = {Stone, Stuart R and Hofsteenge, Jan},
	Date-Added = {2016-01-05 22:05:32 +0000},
	Date-Modified = {2016-01-05 22:05:38 +0000},
	Journal = {Biochemistry},
	Number = {16},
	Pages = {4622--4628},
	Publisher = {ACS Publications},
	Title = {Kinetics of the inhibition of thrombin by hirudin},
	Volume = {25},
	Year = {1986}}

@article{sissons77,
	Author = {Sissons, JG and Liebowitch, J and Amos, N and Peters, DK},
	Date-Added = {2016-01-05 17:05:11 +0000},
	Date-Modified = {2016-01-05 17:05:18 +0000},
	Journal = {Journal of Clinical Investigation},
	Number = {4},
	Pages = {704},
	Publisher = {American Society for Clinical Investigation},
	Title = {Metabolism of the fifth component of complement, and its relation to metabolism of the third component, in patients with complement activation.},
	Volume = {59},
	Year = {1977}}

@article{jodele14,
	Author = {Jodele, Sonata and Fukuda, Tsuyoshi and Vinks, Alexander and Mizuno, Kana and Laskin, Benjamin L and Goebel, Jens and Dixon, Bradley P and Teusink, Ashley and Pluthero, Fred G and Lu, Lily and others},
	Date-Added = {2016-01-05 16:50:08 +0000},
	Date-Modified = {2016-01-05 16:50:15 +0000},
	Journal = {Biology of Blood and Marrow Transplantation},
	Number = {4},
	Pages = {518--525},
	Publisher = {Elsevier},
	Title = {Eculizumab Therapy in Children with Severe Hematopoietic Stem Cell Transplantation--Associated Thrombotic Microangiopathy},
	Volume = {20},
	Year = {2014}}

@article{agoram07,
	Author = {Agoram, BM and Martin, Steven W and Van der Graaf, Piet H},
	Date-Added = {2016-01-05 16:32:50 +0000},
	Date-Modified = {2016-01-05 16:33:00 +0000},
	Journal = {Population Approach Group in Europe},
	Title = {Application of mechanism-based population PKPD modelling in the rational selection of clinical candidates: an anti-IgE antibody example},
	Year = {2007}}

@article{putnam08,
	Author = {Putnam, Wendy S and Li, Jing and Haggstrom, Jonas and Ng, Chee and Kadkhodayan-Fischer, Saloumeh and Cheu, Melissa and Deniz, Yamo and Lowman, Henry and Fielder, Paul and Visich, Jennifer and others},
	Date-Added = {2016-01-05 16:28:52 +0000},
	Date-Modified = {2016-01-05 16:28:59 +0000},
	Journal = {The AAPS journal},
	Number = {2},
	Pages = {425--430},
	Publisher = {Springer},
	Title = {Use of quantitative pharmacology in the development of HAE1, a high-affinity anti-IgE monoclonal antibody},
	Volume = {10},
	Year = {2008}}

@inproceedings{davda10,
	Author = {Davda, Jasmine P and Hansen, Ryan J},
	Booktitle = {MAbs},
	Date-Added = {2016-01-03 17:39:56 +0000},
	Date-Modified = {2016-01-04 01:38:25 +0000},
	Organization = {Taylor \& Francis},
	Pages = {576--588},
	Title = {Properties of a general PK/PD model of antibody-ligand interactions for therapeutic antibodies that bind to soluble endogenous targets},
	Volume = {2},
	Year = {2010}}

@article{roskos07,
	Author = {Roskos, Lorin and Klakamp, Scott and Liang, Meina and Arends, Rosalin and Green, Larry},
	Date-Added = {2016-01-03 17:36:10 +0000},
	Date-Modified = {2016-01-03 17:36:16 +0000},
	Journal = {Handbook of Therapeutic Antibodies},
	Pages = {145--169},
	Publisher = {Wiley Online Library},
	Title = {Molecular engineering II: antibody affinity},
	Year = {2007}}

@article{tang11,
	Author = {Tang, Cuyue and Prueksaritanont, Thomayant},
	Date-Added = {2016-01-03 12:43:15 +0000},
	Date-Modified = {2016-01-03 12:43:20 +0000},
	Journal = {Pharmaceutical research},
	Number = {10},
	Pages = {2447--2457},
	Publisher = {Springer},
	Title = {Theoretical analysis of interplay of therapeutic protein drug and circulating soluble target: temporal profiles of `free'and `total'drug and target},
	Volume = {28},
	Year = {2011}}

@article{puchalski10,
	Author = {Puchalski, Thomas and Prabhakar, Uma and Jiao, Qun and Berns, Birge and Davis, Hugh M},
	Date-Added = {2015-12-31 22:51:49 +0000},
	Date-Modified = {2015-12-31 22:51:54 +0000},
	Journal = {Clinical Cancer Research},
	Number = {5},
	Pages = {1652--1661},
	Publisher = {AACR},
	Title = {Pharmacokinetic and pharmacodynamic modeling of an anti--interleukin-6 chimeric monoclonal antibody (siltuximab) in patients with metastatic renal cell carcinoma},
	Volume = {16},
	Year = {2010}}

@article{aston11,
	Author = {Aston, Philip J and Derks, Gianne and Raji, Adewale and Agoram, Balaji M and Van Der Graaf, Piet H},
	Date-Added = {2015-12-30 16:06:57 +0000},
	Date-Modified = {2015-12-30 16:07:02 +0000},
	Journal = {Journal of theoretical biology},
	Number = {1},
	Pages = {113--121},
	Publisher = {Elsevier},
	Title = {Mathematical analysis of the pharmacokinetic--pharmacodynamic (PKPD) behaviour of monoclonal antibodies: predicting in vivo potency},
	Volume = {281},
	Year = {2011}}

@article{chimalakonda13,
	Author = {Chimalakonda, Anjaneya P and Yadav, Rajbharan and Marathe, Punit},
	Date-Added = {2015-12-30 16:06:27 +0000},
	Date-Modified = {2015-12-30 16:06:35 +0000},
	Journal = {The AAPS journal},
	Number = {3},
	Pages = {717--727},
	Publisher = {Springer},
	Title = {Factors Influencing Magnitude and Duration of Target Inhibition Following Antibody Therapy: Implications in Drug Discovery and Development},
	Volume = {15},
	Year = {2013}}

@article{abraham07,
	Author = {Abraham, Anson K and Krzyzanski, Wojciech and Mager, Donald E},
	Date-Added = {2015-12-16 22:15:36 +0000},
	Date-Modified = {2015-12-16 22:15:41 +0000},
	Journal = {The AAPS journal},
	Number = {2},
	Pages = {E181--E189},
	Publisher = {Springer},
	Title = {Partial derivative---based sensitivity analysis of models describing target-mediated drug disposition},
	Volume = {9},
	Year = {2007}}

@article{stein16guide,
	Author = {AM Stein},
	Date-Added = {2015-12-15 16:24:46 +0000},
	Date-Modified = {2015-12-30 14:43:31 +0000},
	Journal = {Internal Document - In Development},
	Title = {A guide to mathematical models for target mediated drug disposition},
	Year = {2016}}

@article{mager01,
	Author = {Mager, Donald E and Jusko, William J},
	Date-Added = {2015-12-14 18:32:54 +0000},
	Date-Modified = {2015-12-14 18:33:00 +0000},
	Journal = {Journal of pharmacokinetics and pharmacodynamics},
	Number = {6},
	Pages = {507--532},
	Publisher = {Springer},
	Title = {General pharmacokinetic model for drugs exhibiting target-mediated drug disposition},
	Volume = {28},
	Year = {2001}}

@article{gueorguieva08,
	Author = {Gueorguieva, Ivelina and Clark, Simon R and McMahon, Catherine J and Scarth, Sylvia and Rothwell, Nancy J and Tyrell, Pippa J and Hopkins, Stephen J and Rowland, Malcolm},
	Date-Added = {2015-11-06 19:53:53 +0000},
	Date-Modified = {2015-11-06 19:54:02 +0000},
	Journal = {British journal of clinical pharmacology},
	Number = {3},
	Pages = {317--325},
	Publisher = {Wiley Online Library},
	Title = {Pharmacokinetic modelling of interleukin-1 receptor antagonist in plasma and cerebrospinal fluid of patients following subarachnoid haemorrhage},
	Volume = {65},
	Year = {2008}}

@article{konrad90,
	Author = {Konrad, Michael W and Hemstreet, George and Hersh, Evan M and Mansell, Peter WA and Mertelsmann, Roland and Kolitz, Jonathan E and Bradley, Edward C},
	Date-Added = {2015-11-06 19:46:36 +0000},
	Date-Modified = {2015-11-06 19:46:44 +0000},
	Journal = {Cancer research},
	Number = {7},
	Pages = {2009--2017},
	Publisher = {AACR},
	Title = {Pharmacokinetics of recombinant interleukin 2 in humans},
	Volume = {50},
	Year = {1990}}

@article{elmeliegy15,
	Author = {Elmeliegy, Mohamed and Potocka, E and Renard, D and Kakar, S and Skerjanec, A and Li, Y and Castro, H and Izquierdo, M and Barker, D},
	Date-Added = {2015-11-05 20:12:33 +0000},
	Date-Modified = {2015-11-05 20:16:55 +0000},
	Journal = {The European Cancer Congress 2015},
	Title = {Population pharmacokinetic and pharmacodynamic modeling of bevacizumab and a proposed biosimilar (GP2019) in healthy male volunteers},
	Volume = {307},
	Year = {2015}}

@article{gibiansky12denosumab,
	Author = {Gibiansky, Leonid and Sutjandra, Liviawati and Doshi, Sameer and Zheng, Jenny and Sohn, Winnie and Peterson, Mark C and Jang, Graham R and Chow, Andrew T and P{\'e}rez-Ruixo, Juan Jos{\'e}},
	Date-Added = {2015-09-15 21:32:42 +0000},
	Date-Modified = {2015-09-15 21:32:53 +0000},
	Journal = {Clinical pharmacokinetics},
	Number = {4},
	Pages = {247--260},
	Publisher = {Springer},
	Title = {Population pharmacokinetic analysis of denosumab in patients with bone metastases from solid tumours},
	Volume = {51},
	Year = {2012}}

@article{kaymakcalan09,
	Author = {Kaymakcalan, Zehra and Sakorafas, Paul and Bose, Sahana and Scesney, Susanne and Xiong, Limin and Hanzatian, Denise Karaoglu and Salfeld, Jochen and Sasso, Eric H},
	Date-Added = {2015-09-15 21:29:57 +0000},
	Date-Modified = {2015-09-15 21:30:03 +0000},
	Journal = {Clinical Immunology},
	Number = {2},
	Pages = {308--316},
	Publisher = {Elsevier},
	Title = {Comparisons of affinities, avidities, and complement activation of adalimumab, infliximab, and etanercept in binding to soluble and membrane tumor necrosis factor},
	Volume = {131},
	Year = {2009}}

@article{fasanmade09,
	Author = {Fasanmade, Adedigbo A and Adedokun, Omoniyi J and Ford, Joyce and Hernandez, Danika and Johanns, Jewel and Hu, Chuanpu and Davis, Hugh M and Zhou, Honghui},
	Date-Added = {2015-09-15 14:36:38 +0000},
	Date-Modified = {2015-09-15 14:36:45 +0000},
	Journal = {European journal of clinical pharmacology},
	Number = {12},
	Pages = {1211--1228},
	Publisher = {Springer},
	Title = {Population pharmacokinetic analysis of infliximab in patients with ulcerative colitis},
	Volume = {65},
	Year = {2009}}

@article{wang14,
	Author = {Wang, Weirong and Wang, Xiaofeng and Doddareddy, Rajitha and Fink, Damien and McIntosh, Thomas and Davis, Hugh M and Zhou, Honghui},
	Date-Added = {2015-09-14 20:10:12 +0000},
	Date-Modified = {2015-09-14 20:10:23 +0000},
	Journal = {The AAPS journal},
	Number = {1},
	Pages = {129--139},
	Publisher = {Springer},
	Title = {Mechanistic pharmacokinetic/target engagement/pharmacodynamic (PK/TE/PD) modeling in deciphering interplay between a monoclonal antibody and its soluble target in cynomolgus monkeys},
	Volume = {16},
	Year = {2014}}

@article{meno05,
	Author = {Meno-Tetang, Guy ML and Lowe, Philip J},
	Date-Added = {2015-09-14 17:13:36 +0000},
	Date-Modified = {2015-09-14 17:13:41 +0000},
	Journal = {Basic \& clinical pharmacology \& toxicology},
	Number = {3},
	Pages = {182--192},
	Publisher = {Wiley Online Library},
	Title = {On the prediction of the human response: a recycled mechanistic pharmacokinetic/pharmacodynamic approach},
	Volume = {96},
	Year = {2005}}

@article{singh15,
	Author = {Singh, Aman P and Krzyzanski, Wojciech and Martin, Steven W and Weber, Gregory and Betts, Alison and Ahmad, Alaa and Abraham, Anson and Zutshi, Anup and Lin, John and Singh, Pratap},
	Date-Added = {2015-09-08 20:32:03 +0000},
	Date-Modified = {2015-09-08 20:32:03 +0000},
	Journal = {The AAPS journal},
	Number = {2},
	Pages = {389--399},
	Publisher = {Springer},
	Title = {Quantitative Prediction of Human Pharmacokinetics for mAbs Exhibiting Target-Mediated Disposition},
	Volume = {17},
	Year = {2015}}

@article{lowe10,
	Author = {Lowe, Philip J and Tannenbaum, Stacey and Wu, Kai and Lloyd, Peter and Sims, Jennifer},
	Date-Added = {2015-09-08 20:31:29 +0000},
	Date-Modified = {2015-09-08 20:31:29 +0000},
	Journal = {Basic \& clinical pharmacology \& toxicology},
	Number = {3},
	Pages = {195--209},
	Publisher = {Wiley Online Library},
	Title = {On Setting the First Dose in Man: Quantitating Biotherapeutic Drug-Target Binding through Pharmacokinetic and Pharmacodynamic Models},
	Volume = {106},
	Year = {2010}}

@article{wagner97,
	Author = {Wagner, Tamara L and Horton, Vicki L and Carlson, Gary L and Myhre, Paula E and Gibson, Sheila J and Imbertson, Linda M and Tomai, Mark A},
	Date-Added = {2015-09-08 13:52:24 +0000},
	Date-Modified = {2015-09-08 13:52:56 +0000},
	Journal = {Cytokine},
	Keywords = {IL6, cyno},
	Number = {11},
	Pages = {837--845},
	Publisher = {Elsevier},
	Title = {Induction of cytokines in cynomolgus monkeys by the immune response modifiers, imiquimod, S-27609 and S-28463},
	Volume = {9},
	Year = {1997}}

@article{wang10,
	Author = {Wang, Weirong and Prueksaritanont, Thomayant},
	Date-Added = {2015-08-18 14:04:55 +0000},
	Date-Modified = {2015-08-18 14:05:00 +0000},
	Journal = {Biopharmaceutics \& drug disposition},
	Number = {4},
	Pages = {253--263},
	Publisher = {Wiley Online Library},
	Title = {Prediction of human clearance of therapeutic proteins: simple allometric scaling method revisited},
	Volume = {31},
	Year = {2010}}

@article{oitate11,
	Author = {Oitate, Masataka and Masubuchi, Noriko and Ito, Takashi and Yabe, Yoshiyuki and Karibe, Tsuyoshi and Aoki, Takanori and Murayama, Nobuyuki and Kurihara, Atsushi and Okudaira, Noriko and Izumi, Takashi},
	Date-Added = {2015-08-18 14:04:19 +0000},
	Date-Modified = {2015-08-18 14:04:25 +0000},
	Journal = {Drug metabolism and pharmacokinetics},
	Number = {4},
	Pages = {423--430},
	Publisher = {日本薬物動態学会},
	Title = {Prediction of human pharmacokinetics of therapeutic monoclonal antibodies from simple allometry of monkey data},
	Volume = {26},
	Year = {2011}}

@article{mahmood09,
	Author = {Mahmood, Iftekhar},
	Date-Added = {2015-08-18 14:03:40 +0000},
	Date-Modified = {2015-08-18 14:03:45 +0000},
	Journal = {Journal of pharmaceutical sciences},
	Number = {10},
	Pages = {3850--3861},
	Publisher = {Wiley Online Library},
	Title = {Pharmacokinetic allometric scaling of antibodies: Application to the first-in-human dose estimation},
	Volume = {98},
	Year = {2009}}

@article{ling09,
	Author = {Ling, Jie and Zhou, Honghui and Jiao, Qun and Davis, Hugh M},
	Date-Added = {2015-08-18 14:03:06 +0000},
	Date-Modified = {2015-08-18 14:03:11 +0000},
	Journal = {The Journal of Clinical Pharmacology},
	Number = {12},
	Pages = {1382--1402},
	Publisher = {Wiley Online Library},
	Title = {Interspecies scaling of therapeutic monoclonal antibodies: initial look},
	Volume = {49},
	Year = {2009}}

@article{dong11,
	Author = {Dong, Jennifer Q and Salinger, David H and Endres, Christopher J and Gibbs, John P and Hsu, Cheng-Pang and Stouch, Brian J and Hurh, Eunju and Gibbs, Megan},
	Date-Added = {2015-08-18 14:02:25 +0000},
	Date-Modified = {2015-08-18 14:02:30 +0000},
	Journal = {Clinical pharmacokinetics},
	Number = {2},
	Pages = {131--142},
	Publisher = {Springer},
	Title = {Quantitative prediction of human pharmacokinetics for monoclonal antibodies},
	Volume = {50},
	Year = {2011}}

@inproceedings{deng11,
	Author = {Deng, Rong and Iyer, Suhasini and Theil, Frank-Peter and Mortensen, Deborah L and Fielder, Paul J and Prabhu, Saileta},
	Booktitle = {MAbs},
	Date-Added = {2015-08-18 14:01:42 +0000},
	Date-Modified = {2015-09-08 20:32:58 +0000},
	Organization = {Taylor \& Francis},
	Pages = {61--66},
	Title = {Projecting human pharmacokinetics of therapeutic antibodies from nonclinical data: what have we learned?},
	Volume = {3},
	Year = {2011}}

@unpublished{charoin10,
	Author = {Charoin, Jean-Eric and Levi, Micha and Frey, Nicolas and Delor, Isabelle and Jacqmin, Philippe},
	Date-Added = {2015-08-17 16:37:20 +0000},
	Date-Modified = {2015-08-17 16:39:44 +0000},
	Note = {Presenetd at the 6th International Symposium on Measurement and Kinetics of in Vivo Drug Effects in Noordwijkerhout, The Netherlands},
	Title = {Target mediated drug disposition (TMDD) in rheumatoid arthritis, a case study using tocilizumab},
	Year = {2010}}

@article{krippendorff09,
	Author = {Krippendorff, Ben-Fillippo and Kuester, Katharina and Kloft, Charlotte and Huisinga, Wilhelm},
	Date-Added = {2015-08-14 20:13:35 +0000},
	Date-Modified = {2015-08-14 20:13:48 +0000},
	Journal = {Journal of pharmacokinetics and pharmacodynamics},
	Number = {3},
	Pages = {239--260},
	Publisher = {Springer},
	Title = {Nonlinear pharmacokinetics of therapeutic proteins resulting from receptor mediated endocytosis},
	Volume = {36},
	Year = {2009}}

@article{ma09,
	Author = {Ma, Peiming and Yang, Bing-Bing and Wang, Yow-Ming and Peterson, Mark and Narayanan, Adimoolam and Sutjandra, Liviawati and Rodriguez, Rachelle and Chow, Andrew},
	Date-Added = {2015-08-14 20:13:08 +0000},
	Date-Modified = {2015-08-14 20:13:13 +0000},
	Journal = {The Journal of Clinical Pharmacology},
	Number = {10},
	Pages = {1142--1156},
	Publisher = {Wiley Online Library},
	Title = {Population pharmacokinetic analysis of panitumumab in patients with advanced solid tumors},
	Volume = {49},
	Year = {2009}}

@article{coffey04,
	Author = {Coffey, Greg P and Stefanich, Eric and Palmieri, Susan and Eckert, Renee and Padilla-Eagar, Josette and Fielder, PJ and Pippig, Susanne},
	Date-Added = {2015-08-14 20:12:33 +0000},
	Date-Modified = {2015-08-14 20:12:38 +0000},
	Journal = {Journal of Pharmacology and Experimental Therapeutics},
	Number = {3},
	Pages = {896--904},
	Publisher = {ASPET},
	Title = {In vitro internalization, intracellular transport, and clearance of an anti-CD11a antibody (Raptiva) by human T-cells},
	Volume = {310},
	Year = {2004}}

@article{ng05,
	Author = {Ng, Chee M and Joshi, Amita and Dedrick, Russell L and Garovoy, Marvin R and Bauer, Robert J},
	Date-Added = {2015-08-14 20:11:58 +0000},
	Date-Modified = {2015-08-14 20:12:05 +0000},
	Journal = {Pharmaceutical research},
	Number = {7},
	Pages = {1088--1100},
	Publisher = {Springer},
	Title = {Pharmacokinetic--pharmacodynamic--efficacy analysis of efalizumab in patients with moderate to severe psoriasis},
	Volume = {22},
	Year = {2005}}

@article{cao14,
	Author = {Cao, Yanguang and Jusko, William J},
	Date-Added = {2015-08-13 20:31:52 +0000},
	Date-Modified = {2015-08-13 20:31:59 +0000},
	Journal = {Journal of pharmacokinetics and pharmacodynamics},
	Number = {4},
	Pages = {375--387},
	Publisher = {Springer},
	Title = {Incorporating target-mediated drug disposition in a minimal physiologically-based pharmacokinetic model for monoclonal antibodies},
	Volume = {41},
	Year = {2014}}

@article{dirks10,
	Author = {Dirks, Nathanael L and Meibohm, Bernd},
	Date-Added = {2015-08-06 13:54:36 +0000},
	Date-Modified = {2015-08-06 13:55:16 +0000},
	Journal = {Clinical pharmacokinetics},
	Number = {10},
	Pages = {633--659},
	Publisher = {Springer},
	Title = {Population pharmacokinetics of therapeutic monoclonal antibodies},
	Volume = {49},
	Year = {2010}}

@article{zheng15,
	Author = {Zheng, Songmao and McIntosh, Thomas and Wang, Weirong},
	Date-Added = {2015-07-03 12:23:22 +0000},
	Date-Modified = {2015-07-03 12:23:29 +0000},
	Journal = {The Journal of Clinical Pharmacology},
	Number = {S3},
	Pages = {S75--S84},
	Publisher = {Wiley Online Library},
	Title = {Utility of free and total target measurements as target engagement and efficacy biomarkers in biotherapeutic development---Opportunities and challenges},
	Volume = {55},
	Year = {2015}}

@article{yan10,
	Author = {Yan, Xiaoyu and Mager, Donald E and Krzyzanski, Wojciech},
	Date-Added = {2015-07-02 14:51:50 +0000},
	Date-Modified = {2015-07-02 14:51:55 +0000},
	Journal = {Journal of pharmacokinetics and pharmacodynamics},
	Number = {1},
	Pages = {25--47},
	Publisher = {Springer},
	Title = {Selection between Michaelis--Menten and target-mediated drug disposition pharmacokinetic models},
	Volume = {37},
	Year = {2010}}

@article{wagner76,
	Author = {Wagner, John G},
	Date-Added = {2015-07-02 00:26:08 +0000},
	Date-Modified = {2015-07-02 00:26:15 +0000},
	Journal = {European journal of clinical pharmacology},
	Number = {6},
	Pages = {425--432},
	Publisher = {Springer},
	Title = {Simple model to explain effects of plasma protein binding and tissue binding on calculated volumes of distribution, apparent elimination rate constants and clearances},
	Volume = {10},
	Year = {1976}}

@article{yan12correction,
	Author = {Yan, Xiaoyu and Krzyzanski, Wojciech},
	Date-Added = {2015-07-02 00:19:39 +0000},
	Date-Modified = {2015-07-02 00:19:48 +0000},
	Journal = {Journal of pharmacokinetics and pharmacodynamics},
	Number = {2},
	Pages = {141--146},
	Publisher = {Springer},
	Title = {Dose correction for the Michaelis--Menten approximation of the target-mediated drug disposition model},
	Volume = {39},
	Year = {2012}}

@article{nishimoto08,
	Author = {Nishimoto, Norihiro and Terao, Kimio and Mima, Toru and Nakahara, Hideko and Takagi, Nobuhiro and Kakehi, Takahiro},
	Date-Added = {2015-06-29 13:10:21 +0000},
	Date-Modified = {2015-06-29 13:10:28 +0000},
	Journal = {Blood},
	Number = {10},
	Pages = {3959--3964},
	Publisher = {Am Soc Hematology},
	Title = {Mechanisms and pathologic significances in increase in serum interleukin-6 (IL-6) and soluble IL-6 receptor after administration of an anti--IL-6 receptor antibody, tocilizumab, in patients with rheumatoid arthritis and Castleman disease},
	Volume = {112},
	Year = {2008}}

@article{fronton14,
	Author = {Fronton, Ludivine and Pilari, Sabine and Huisinga, Wilhelm},
	Date-Added = {2015-06-28 20:48:23 +0000},
	Date-Modified = {2015-06-28 20:48:31 +0000},
	Journal = {Journal of pharmacokinetics and pharmacodynamics},
	Number = {2},
	Pages = {87--107},
	Publisher = {Springer},
	Title = {Monoclonal antibody disposition: a simplified PBPK model and its implications for the derivation and interpretation of classical compartment models},
	Volume = {41},
	Year = {2014}}

@article{cao13,
	Author = {Cao, Yanguang and Balthasar, Joseph P and Jusko, William J},
	Date-Added = {2015-06-28 20:47:23 +0000},
	Date-Modified = {2015-06-28 20:47:28 +0000},
	Journal = {Journal of pharmacokinetics and pharmacodynamics},
	Number = {5},
	Pages = {597--607},
	Publisher = {Springer},
	Title = {Second-generation minimal physiologically-based pharmacokinetic model for monoclonal antibodies},
	Volume = {40},
	Year = {2013}}

@article{huisinga12,
	Author = {Huisinga, W and Solms, A and Fronton, L and Pilari, S},
	Date-Added = {2015-06-28 20:46:03 +0000},
	Date-Modified = {2015-06-28 20:46:08 +0000},
	Journal = {CPT: pharmacometrics \& systems pharmacology},
	Number = {9},
	Pages = {e4},
	Publisher = {Nature Publishing Group},
	Title = {Modeling interindividual variability in physiologically based pharmacokinetics and its link to mechanistic covariate modeling},
	Volume = {1},
	Year = {2012}}

@article{elmeliegy14,
	Author = {Elmeliegy, Mohamed and Lowe, Philip and Krzyzanski, Wojciech},
	Date-Added = {2015-06-28 20:44:47 +0000},
	Date-Modified = {2015-06-28 20:44:52 +0000},
	Journal = {The AAPS journal},
	Number = {4},
	Pages = {810--842},
	Publisher = {Springer},
	Title = {Simplification of complex physiologically based pharmacokinetic models of monoclonal antibodies},
	Volume = {16},
	Year = {2014}}

@article{gibiansky09indresp,
	Author = {Gibiansky, Leonid and Gibiansky, Ekaterina},
	Date-Added = {2015-06-26 20:15:30 +0000},
	Date-Modified = {2015-06-26 20:15:38 +0000},
	Journal = {Journal of pharmacokinetics and pharmacodynamics},
	Number = {4},
	Pages = {341--351},
	Publisher = {Springer},
	Title = {Target-mediated drug disposition model: relationships with indirect response models and application to population PK--PD analysis},
	Volume = {36},
	Year = {2009}}

@article{wu15,
	Author = {Wu, Xiaotian and Li, Jun and Nekka, Fahima},
	Date-Added = {2015-06-26 20:09:43 +0000},
	Date-Modified = {2015-06-26 20:09:49 +0000},
	Journal = {Journal of pharmacokinetics and pharmacodynamics},
	Number = {2},
	Pages = {151--161},
	Publisher = {Springer},
	Title = {Closed form solutions and dominant elimination pathways of simultaneous first-order and Michaelis--Menten kinetics},
	Volume = {42},
	Year = {2015}}

@article{gibiansky08,
	Author = {Gibiansky, Leonid and Gibiansky, Ekaterina and Kakkar, Tarundeep and Ma, Peiming},
	Date-Added = {2015-06-26 19:57:22 +0000},
	Date-Modified = {2015-06-26 19:57:28 +0000},
	Journal = {Journal of pharmacokinetics and pharmacodynamics},
	Number = {5},
	Pages = {573--591},
	Publisher = {Springer},
	Title = {Approximations of the target-mediated drug disposition model and identifiability of model parameters},
	Volume = {35},
	Year = {2008}}

@article{dua15,
	Author = {Dua, Pinky and Hawkins, Emma and van der Graaf, Piet H},
	Date-Added = {2015-06-26 19:56:03 +0000},
	Date-Modified = {2015-06-26 19:56:10 +0000},
	Journal = {CPT: Pharmacometrics \& Systems Pharmacology},
	Publisher = {Wiley Online Library},
	Title = {A tutorial on target-mediated drug disposition (TMDD) models},
	Year = {2015}}

@article{peletier12,
	Author = {Peletier, Lambertus A and Gabrielsson, Johan},
	Date-Added = {2015-06-26 19:55:37 +0000},
	Date-Modified = {2015-06-26 19:55:45 +0000},
	Journal = {Journal of pharmacokinetics and pharmacodynamics},
	Number = {5},
	Pages = {429--451},
	Publisher = {Springer},
	Title = {Dynamics of target-mediated drug disposition: characteristic profiles and parameter identification},
	Volume = {39},
	Year = {2012}}

@article{mager05,
	Author = {Mager, Donald E and Krzyzanski, Wojciech},
	Date-Added = {2015-06-05 14:04:19 +0000},
	Date-Modified = {2015-06-05 14:04:29 +0000},
	Journal = {Pharmaceutical research},
	Number = {10},
	Pages = {1589--1596},
	Publisher = {Springer},
	Title = {Quasi-equilibrium pharmacokinetic model for drugs exhibiting target-mediated drug disposition},
	Volume = {22},
	Year = {2005}}

@article{fischer15,
	Author = {Fischer, Jens A A and Hueber, Axel J and Wilson, Stacy and Galm, Margarete and Baum, Wolfgang and Kitson, Christopher and Auer, Johannes and Lorenz, Stefan H and Moelleken Jorg and Bader, Martin and Tissot, Alain C and Tan, Seng-Lai and Seeber, Stefan and Schett, Georg},
	Date-Added = {2015-06-05 14:01:36 +0000},
	Date-Modified = {2015-06-05 14:30:53 +0000},
	Journal = {Arthritis and Rheumatology},
	Number = {1},
	Pages = {51-62},
	Title = {Combined inhibition of tumor necrosis factor alpha and interleukin-17 as a therapeutic opportunity in rheumatoid arthritis},
	Volume = {67},
	Year = {2015}}

@article{heiss05,
	Author = {Heiss, Markus M and Str{\"o}hlein, Michael A and J{\"a}ger, Michael and Kimmig, Rainer and Burges, Alexander and Schoberth, Alexandra and Jauch, Karl-Walter and Schildberg, Friedrich-Wilhelm and Lindhofer, Horst},
	Date-Added = {2015-06-05 13:59:47 +0000},
	Date-Modified = {2015-06-05 13:59:56 +0000},
	Journal = {International journal of cancer},
	Number = {3},
	Pages = {435--443},
	Publisher = {Wiley Online Library},
	Title = {Immunotherapy of malignant ascites with trifunctional antibodies},
	Volume = {117},
	Year = {2005}}

@article{dahl15,
	Author = {Dahl, J and Mace, M and Kantarjian, H and Jabbour, E},
	Date-Added = {2015-06-05 13:58:18 +0000},
	Date-Modified = {2015-06-05 13:58:27 +0000},
	Journal = {Drugs Today},
	Number = {4},
	Pages = {231},
	Title = {Blinatumomab for the treatment of adult acute lymphoblastic leukemia},
	Volume = {51},
	Year = {2015}}

@article{vauquelin13,
	Author = {Vauquelin, Georges and Charlton, Steven J},
	Date-Added = {2015-06-05 13:56:26 +0000},
	Date-Modified = {2015-06-05 13:56:34 +0000},
	Journal = {British journal of pharmacology},
	Number = {8},
	Pages = {1771--1785},
	Publisher = {Wiley Online Library},
	Title = {Exploring avidity: understanding the potential gains in functional affinity and target residence time of bivalent and heterobivalent ligands},
	Volume = {168},
	Year = {2013}}

@article{harms12,
	Author = {Harms, Brian D and Kearns, Jeffrey D and Su, Stephen V and Kohli, Neeraj and Nielsen, Ulrik B and Schoeberl, Birgit},
	Date-Added = {2015-06-05 13:55:14 +0000},
	Date-Modified = {2015-06-05 13:55:25 +0000},
	Journal = {Methods in enzymology},
	Pages = {67},
	Title = {Optimizing Properties of Antireceptor Antibodies Using Kinetic Computational Models and Experiments},
	Volume = {502},
	Year = {2012}}

@article{coloma97,
	Author = {Coloma, M Josefina and Morrison, Sherie L},
	Date-Added = {2015-06-05 13:54:25 +0000},
	Date-Modified = {2015-06-05 13:54:33 +0000},
	Journal = {Nature biotechnology},
	Number = {2},
	Pages = {159--163},
	Publisher = {Nature Publishing Group},
	Title = {Design and production of novel tetravalent bispecific antibodies},
	Volume = {15},
	Year = {1997}}

@article{garber14,
	Author = {Garber, Ken},
	Date-Added = {2015-06-05 13:53:33 +0000},
	Date-Modified = {2015-06-05 13:53:44 +0000},
	Journal = {Nature Reviews Drug Discovery},
	Number = {11},
	Pages = {799--801},
	Publisher = {Nature Publishing Group},
	Title = {Bispecific antibodies rise again},
	Volume = {13},
	Year = {2014}}

@article{kontermann15,
	Author = {Kontermann, Roland and Brinkmann, Ulrich},
	Date-Added = {2015-06-05 13:50:14 +0000},
	Date-Modified = {2015-06-05 14:03:49 +0000},
	Journal = {Drug Discovery Today},
	Title = {Bispecific Antibodies},
	Volume = {In press},
	Year = {2015}}

@inproceedings{kontermann12,
	Author = {Kontermann, Roland},
	Booktitle = {MAbs},
	Date-Added = {2015-06-05 13:47:42 +0000},
	Date-Modified = {2015-06-05 13:47:57 +0000},
	Number = {2},
	Organization = {Taylor \& Francis},
	Pages = {182--197},
	Title = {Dual targeting strategies with bispecific antibodies},
	Volume = {4},
	Year = {2012}}
